@misc{youbioit,
author = {Varios Autores},
title = {¿Cómo funciona la memoria del computador?},
year = {2012},
howpublished = {url{https://www.youbioit.com/en/article/8893/como-funciona-la-memoria-de-una-computadora}},
note = {Accedido 04-09-2020}
}